@Book{knuth1998,
  Author         = "Donald E. Knuth",
  organization   = {Stanford University},
  Title          = "{The Art of Computer Programming Volume 3 - Sorting and Searching}",
  Publisher      = "Addison-Wesley Longman Publishing Co., Inc. ",
  Address        = "Boston, MA, USA",
  year           = 1998
}
@book{Knuth,
  added-at = {2008-03-17T11:27:54.000+0100},
  address = {Reading, MA},
  author = {Knuth, Donald E.},
  biburl = {https://www.bibsonomy.org/bibtex/24e1b6b621bdcee41d191971a123e1ddc/nlp},
  interhash = {4c295b27181d0e029ce8816c22e21e3f},
  intrahash = {4e1b6b621bdcee41d191971a123e1ddc},
  keywords = {2000 book nlp},
  publisher = {Addison-Wesley},
  timestamp = {2008-03-17T11:32:49.000+0100},
  title = {Sorting and Searching: The Art of Computer Programming Volume 3},
  year = 1973
}

@misc{ADMIS2018,
  Author  = {ADMIS, Walker},
  Title   = {C++ から任意の Python 関数を実行する},
  url     = {https://admiswalker.blogspot.com/2018/02/c-python.html},
  urldate = {2019-06-18},
  Year    = {2018},
}
@misc{AgnerFog2018,
  Author  = {Agner Fog},
  organization = {Technical University of Denmark},
  Title   = {Software optimization resources - 4. Instruction tables: Lists of instruction latencies, throughputs and micro-operation breakdowns for Intel, AMD and VIA CPUs},
  url     = {https://www.agner.org/optimize/instruction_tables.pdf},
  urldate = {Last updated 2018-09-15.},
  Year    = {2018},
}

