@misc{ADMIS2018,
        Author  = {ADMIS, Walker},
        Title   = {C++ から任意の Python 関数を実行する},
        url     = {https://admiswalker.blogspot.com/2018/02/c-python.html},
        urldate = {2019-06-18},
        Year    = {2018},
}

